%YAML 1.1
%TAG !u! tag:unity3d.com,2011:
--- !u!1001 &100100000
Prefab:
  m_ObjectHideFlags: 1
  serializedVersion: 2
  m_Modification:
    m_TransformParent: {fileID: 0}
    m_Modifications: []
    m_RemovedComponents: []
  m_ParentPrefab: {fileID: 0}
  m_RootGameObject: {fileID: 1258738864482386}
  m_IsPrefabParent: 1
--- !u!1 &1258738864482386
GameObject:
  m_ObjectHideFlags: 0
  m_PrefabParentObject: {fileID: 0}
  m_PrefabInternal: {fileID: 100100000}
  serializedVersion: 5
  m_Component:
  - component: {fileID: 4862141348777310}
  m_Layer: 0
  m_Name: Spawns
  m_TagString: Untagged
  m_Icon: {fileID: 0}
  m_NavMeshLayer: 0
  m_StaticEditorFlags: 0
  m_IsActive: 1
--- !u!1 &1280463263635406
GameObject:
  m_ObjectHideFlags: 0
  m_PrefabParentObject: {fileID: 0}
  m_PrefabInternal: {fileID: 100100000}
  serializedVersion: 5
  m_Component:
  - component: {fileID: 4633937875189060}
  - component: {fileID: 114356566839521196}
  m_Layer: 0
  m_Name: Clouds
  m_TagString: Untagged
  m_Icon: {fileID: 0}
  m_NavMeshLayer: 0
  m_StaticEditorFlags: 0
  m_IsActive: 1
--- !u!1 &1560300887545598
GameObject:
  m_ObjectHideFlags: 0
  m_PrefabParentObject: {fileID: 0}
  m_PrefabInternal: {fileID: 100100000}
  serializedVersion: 5
  m_Component:
  - component: {fileID: 4855736566629856}
  - component: {fileID: 114725642730964016}
  m_Layer: 0
  m_Name: Obstacles
  m_TagString: Untagged
  m_Icon: {fileID: 0}
  m_NavMeshLayer: 0
  m_StaticEditorFlags: 0
  m_IsActive: 1
--- !u!4 &4633937875189060
Transform:
  m_ObjectHideFlags: 1
  m_PrefabParentObject: {fileID: 0}
  m_PrefabInternal: {fileID: 100100000}
  m_GameObject: {fileID: 1280463263635406}
  m_LocalRotation: {x: 0, y: 0, z: 0, w: 1}
  m_LocalPosition: {x: 0, y: 0, z: 0}
  m_LocalScale: {x: 1, y: 1, z: 1}
  m_Children: []
  m_Father: {fileID: 4862141348777310}
  m_RootOrder: 1
  m_LocalEulerAnglesHint: {x: 0, y: 0, z: 0}
--- !u!4 &4855736566629856
Transform:
  m_ObjectHideFlags: 1
  m_PrefabParentObject: {fileID: 0}
  m_PrefabInternal: {fileID: 100100000}
  m_GameObject: {fileID: 1560300887545598}
  m_LocalRotation: {x: -0, y: -0, z: -0, w: 1}
  m_LocalPosition: {x: 0, y: -1.9, z: 0}
  m_LocalScale: {x: 1, y: 1, z: 1}
  m_Children: []
  m_Father: {fileID: 4862141348777310}
  m_RootOrder: 0
  m_LocalEulerAnglesHint: {x: 0, y: 0, z: 0}
--- !u!4 &4862141348777310
Transform:
  m_ObjectHideFlags: 1
  m_PrefabParentObject: {fileID: 0}
  m_PrefabInternal: {fileID: 100100000}
  m_GameObject: {fileID: 1258738864482386}
  m_LocalRotation: {x: 0, y: 0, z: 0, w: 1}
  m_LocalPosition: {x: 0, y: 0, z: 0}
  m_LocalScale: {x: 1, y: 1, z: 1}
  m_Children:
  - {fileID: 4855736566629856}
  - {fileID: 4633937875189060}
  m_Father: {fileID: 0}
  m_RootOrder: 0
  m_LocalEulerAnglesHint: {x: 0, y: 0, z: 0}
--- !u!114 &114356566839521196
MonoBehaviour:
  m_ObjectHideFlags: 1
  m_PrefabParentObject: {fileID: 0}
  m_PrefabInternal: {fileID: 100100000}
  m_GameObject: {fileID: 1280463263635406}
  m_Enabled: 1
  m_EditorHideFlags: 0
  m_Script: {fileID: 11500000, guid: 91719eb0be754134b8260d60b246ee06, type: 3}
  m_Name: 
  m_EditorClassIdentifier: 
  objPrefab: {fileID: 1006915090980770, guid: 48fc3cb4c4fc2db4aabbc55dc0a2b819, type: 2}
  poolSize: 6
  spaceMultiX: 8
  shiftSpeed: 1
  spawnRate: 14
  materialRange: []
  scaleSpawnRange:
    min: 1
    max: 1
  spawnImmediate: 1
  immediateSpawnPos: {x: 0, y: 0, z: 0}
--- !u!114 &114725642730964016
MonoBehaviour:
  m_ObjectHideFlags: 1
  m_PrefabParentObject: {fileID: 0}
  m_PrefabInternal: {fileID: 100100000}
  m_GameObject: {fileID: 1560300887545598}
  m_Enabled: 1
  m_EditorHideFlags: 0
  m_Script: {fileID: 11500000, guid: 91719eb0be754134b8260d60b246ee06, type: 3}
  m_Name: 
  m_EditorClassIdentifier: 
  objPrefab: {fileID: 1078846771994544, guid: e2acbe61b8276ed49a01adc24b9e842f, type: 2}
  poolSize: 10
  spaceMultiX: 8
  shiftSpeed: 11
  spawnRate: 1.8
  materialRange:
  - {fileID: 2100000, guid: 858d72e48ef61af429156ee64b76208b, type: 2}
  - {fileID: 2100000, guid: f55a574a4ce00844eb95c164f6512bc9, type: 2}
  - {fileID: 2100000, guid: 919c051fa3a2d79469155b71d85b23f9, type: 2}
  - {fileID: 2100000, guid: 4b7f045c68140d441a8887beb4015414, type: 2}
  scaleSpawnRange:
    min: 0.7
    max: 1.2
  spawnImmediate: 0
  immediateSpawnPos: {x: 0, y: 0, z: 0}
